@article{OMA,
  title={On micro-services architecture},
  author={Dmitry, Namiot and Manfred, Sneps-Sneppe},
  journal={International Journal of Open Information Technologies},
  volume={2},
  number={9},
  year={2014},
  publisher={Лаборатория Открытых Информационных Технологий факультета ВМК МГУ им. МВ~…}
}

@article{EMMA,
  title={Towards a technique for extracting microservices from monolithic enterprise systems},
  author={Levcovitz, Alessandra and Terra, Ricardo and Valente, Marco Tulio},
  journal={arXiv preprint arXiv:1605.03175},
  year={2016}
}

@inproceedings{SCASASD,
  title={Service cutter: a systematic approach to service decomposition},
  author={Gysel, Michael and K{\"o}lbener, Lukas and Giersche, Wolfgang and Zimmermann, Olaf},
  booktitle={European Conference on Service-Oriented and Cloud Computing},
  pages={185--200},
  year={2016},
  organization={Springer}
}

@inproceedings{MATT,
  title={Microservices and their design trade-offs: A self-adaptive roadmap},
  author={Hassan, Sara and Bahsoon, Rami},
  booktitle={Services Computing (SCC), 2016 IEEE International Conference on},
  pages={813--818},
  year={2016},
  organization={IEEE}
}
